<record xmlns="http://www.loc.gov/MARC21/slim" xmlns:xsi="http://www.w3.org/2001/XMLSchema-instance" xsi:schemaLocation="http://www.loc.gov/MARC21/slim http://www.loc.gov/standards/marcxml/schema/MARC21slim.xsd"><leader>01224cam a22003375i 4500</leader><controlfield tag="001">19066866</controlfield><controlfield tag="005">20160425151056.0</controlfield><controlfield tag="008">160425s2011    xxua   j 6    000 0 eng  </controlfield><datafield ind1=" " ind2=" " tag="906"><subfield code="a">0</subfield><subfield code="b">ibc</subfield><subfield code="c">origres</subfield><subfield code="d">2</subfield><subfield code="e">ncip</subfield><subfield code="f">20</subfield><subfield code="g">y-gencatlg</subfield></datafield><datafield ind1="0" ind2=" " tag="925"><subfield code="a">acquire</subfield><subfield code="b">1 shelf copy</subfield><subfield code="x">policy default</subfield></datafield><datafield ind1=" " ind2=" " tag="955"><subfield code="b">rk15 2016-04-25 z-processor</subfield></datafield><datafield ind1=" " ind2=" " tag="010"><subfield code="a">  2016301309</subfield></datafield><datafield ind1=" " ind2=" " tag="020"><subfield code="a">9780982928936</subfield></datafield><datafield ind1=" " ind2=" " tag="040"><subfield code="a">DLC</subfield><subfield code="b">eng</subfield><subfield code="e">rda</subfield><subfield code="c">DLC</subfield></datafield><datafield ind1=" " ind2=" " tag="042"><subfield code="a">pcc</subfield></datafield><datafield ind1="0" ind2="0" tag="245"><subfield code="a">1 Samuel :</subfield><subfield code="b">a biblically accurate graphic novel /</subfield><subfield code="c">produced by Golden Dog, My Legacy Press, and Dakedojo Grace ; illustrations by Windbell Studios supervised by Sara Han-Williams, Pixtrend.</subfield></datafield><datafield ind1="3" ind2=" " tag="246"><subfield code="a">First Samuel</subfield></datafield><datafield ind1=" " ind2="1" tag="264"><subfield code="a">[United States] :</subfield><subfield code="b">Apple of the Eye Pub.,</subfield><subfield code="c">[2011]</subfield></datafield><datafield ind1=" " ind2=" " tag="300"><subfield code="a">150 pages :</subfield><subfield code="b">color illustrations ;</subfield><subfield code="c">23 cm</subfield></datafield><datafield ind1=" " ind2=" " tag="336"><subfield code="a">text</subfield><subfield code="b">txt</subfield><subfield code="2">rdacontent</subfield></datafield><datafield ind1=" " ind2=" " tag="337"><subfield code="a">unmediated</subfield><subfield code="b">n</subfield><subfield code="2">rdamedia</subfield></datafield><datafield ind1=" " ind2=" " tag="338"><subfield code="a">volume</subfield><subfield code="b">nc</subfield><subfield code="2">rdacarrier</subfield></datafield><datafield ind1=" " ind2=" " tag="336"><subfield code="a">text</subfield><subfield code="b">txt</subfield><subfield code="2">rdacontent</subfield></datafield><datafield ind1="0" ind2=" " tag="490"><subfield code="a">Almighty Bible</subfield></datafield><datafield ind1=" " ind2=" " tag="500"><subfield code="a">Cover title.</subfield></datafield><datafield ind1="0" ind2="0" tag="630"><subfield code="a">Bible.</subfield><subfield code="p">Samuel, 1st</subfield><subfield code="v">Comic books, strips, etc.</subfield></datafield><datafield ind1="0" ind2="0" tag="630"><subfield code="a">Bible.</subfield><subfield code="p">Samuel, 1st</subfield><subfield code="v">Adaptations.</subfield></datafield><datafield ind1="2" ind2=" " tag="710"><subfield code="a">Golden Dog Press.</subfield></datafield><datafield ind1="2" ind2=" " tag="710"><subfield code="a">My Legacy Press.</subfield></datafield><datafield ind1="2" ind2=" " tag="710"><subfield code="a">Dakedojo Grace (Firm)</subfield></datafield><datafield ind1="2" ind2=" " tag="710"><subfield code="a">Windbell Studios.</subfield></datafield></record>
